<record xmlns='http://www.loc.gov/MARC21/slim'><leader>00833cpcaa22001695a 4500</leader><controlfield tag='001'>10022926</controlfield><controlfield tag='005'>20180612154305.0</controlfield><controlfield tag='008'>161205i        nju                      </controlfield><datafield ind1=' ' ind2=' ' tag='040'><subfield code='a'>NjP</subfield><subfield code='c'>NjP</subfield><subfield code='e'>dacs</subfield></datafield><datafield ind1='1' ind2='0' tag='245'><subfield code='a'>Commentary on Ptolemy&apos;s Almagest.</subfield><subfield code='f'>18th century</subfield></datafield><datafield ind1=' ' ind2=' ' tag='300'><subfield code='a'>1 volume ;</subfield><subfield code='c'>22 x 31.7 cm.</subfield></datafield><datafield ind1=' ' ind2=' ' tag='520'><subfield code='a'>A manuscript commentary on the Almagest, the classical 2nd-century mathematical and astronomical treatise on the apparent motions of the stars and planetary paths, probably prepared by Mirza Qazi bin Kashif al-Din al-Yazdi (d. 1664/5 CE), Sheikh al-Islam and son of a physician to Shah &apos;Abbas I.</subfield></datafield><datafield ind1=' ' ind2=' ' tag='530'><subfield code='a'>Also available in an electronic version.</subfield></datafield><datafield ind1=' ' ind2=' ' tag='541'><subfield code='a'>Purchase.</subfield><subfield code='e'>AM 2017-68.</subfield></datafield><datafield ind1=' ' ind2='7' tag='655'><subfield code='a'>Manuscripts, Arabic</subfield><subfield code='y'>18th century.</subfield><subfield code='2'>lcsh</subfield></datafield><datafield ind1='4' ind2='1' tag='856'><subfield code='u'>http://arks.princeton.edu/ark:/88435/c534fs61g</subfield></datafield><datafield ind1=' ' ind2=' ' tag='904'><subfield code='a'>twm</subfield><subfield code='b'>o</subfield><subfield code='h'>n</subfield><subfield code='c'>a</subfield><subfield code='e'>20161206</subfield></datafield><datafield ind1='8' ind2=' ' tag='852'><subfield code='0'>9824614</subfield><subfield code='b'>hsvm</subfield><subfield code='h'>Islamic Manuscripts, Third Series no. 870</subfield></datafield><datafield ind1='8' ind2=' ' tag='852'><subfield code='0'>10555746</subfield><subfield code='b'>elf1</subfield><subfield code='h'>Electronic Resource</subfield></datafield><datafield ind1=' ' ind2=' ' tag='959'><subfield code='a'>2016-12-05 14:46:24 +0000</subfield></datafield></record>
